<?xml version="1.0" encoding="UTF-8"?>
<zs:searchRetrieveResponse xmlns:zs="http://www.loc.gov/zing/srw/">
  <zs:version>1.1</zs:version>
  <zs:numberOfRecords>21</zs:numberOfRecords>
  <zs:records>
    <zs:record>
      <zs:recordSchema/>
      <zs:recordPacking>xml</zs:recordPacking>
      <zs:recordData>
        <record xmlns="http://www.loc.gov/MARC21/slim">
          <leader>02634cas a2200529 a 4500</leader>
          <controlfield tag="001">14424979</controlfield>
          <controlfield tag="005">20231217100357.0</controlfield>
          <controlfield tag="008">760623u1963uuuunyuuu    i    0   a0eng  </controlfield>
          <datafield tag="010" ind1=" " ind2=" ">
            <subfield code="a">  2006267634</subfield>
            <subfield code="z">   79006623 </subfield>
          </datafield>
          <datafield tag="022" ind1="0" ind2=" ">
            <subfield code="a">2637-6458</subfield>
            <subfield code="2">1</subfield>
          </datafield>
          <datafield tag="035" ind1=" " ind2=" ">
            <subfield code="a">(OCoLC)ocm02275457 </subfield>
          </datafield>
          <datafield tag="040" ind1=" " ind2=" ">
            <subfield code="a">DLC</subfield>
            <subfield code="b">eng</subfield>
            <subfield code="c">KSU</subfield>
            <subfield code="d">OCLCQ</subfield>
            <subfield code="d">EEM</subfield>
            <subfield code="d">BUF</subfield>
            <subfield code="d">OCLCQ</subfield>
            <subfield code="d">OCLCF</subfield>
            <subfield code="d">OCLCO</subfield>
            <subfield code="d">CUV</subfield>
            <subfield code="d">OCLCA</subfield>
            <subfield code="d">DLC</subfield>
            <subfield code="d">OCLCQ</subfield>
            <subfield code="d">OCLCO</subfield>
            <subfield code="d">PUL</subfield>
            <subfield code="d">OCL</subfield>
            <subfield code="d">OCLCL</subfield>
          </datafield>
          <datafield tag="042" ind1=" " ind2=" ">
            <subfield code="a">pcc</subfield>
            <subfield code="a">nsdp</subfield>
          </datafield>
          <datafield tag="050" ind1="0" ind2="0">
            <subfield code="a">AS36</subfield>
            <subfield code="b">.U5612</subfield>
          </datafield>
          <datafield tag="050" ind1="1" ind2="4">
            <subfield code="a">AI1</subfield>
            <subfield code="b">.U6</subfield>
          </datafield>
          <datafield tag="082" ind1="0" ind2="0">
            <subfield code="a">050</subfield>
            <subfield code="2">23</subfield>
          </datafield>
          <datafield tag="222" ind1=" " ind2="0">
            <subfield code="a">Index to Readex microprint edition of JPRS reports</subfield>
          </datafield>
          <datafield tag="245" ind1="0" ind2="0">
            <subfield code="a">Index to Readex microprint edition of JPRS reports (Joint Publications Research Service).</subfield>
          </datafield>
          <datafield tag="246" ind1="1" ind2="3">
            <subfield code="a">Index to JPRS reports</subfield>
          </datafield>
          <datafield tag="260" ind1=" " ind2=" ">
            <subfield code="a">New York, N.Y. :</subfield>
            <subfield code="b">Readex Microprint Corp.,</subfield>
            <subfield code="c">[1964]-</subfield>
          </datafield>
          <datafield tag="300" ind1=" " ind2=" ">
            <subfield code="a">volumes ;</subfield>
            <subfield code="c">29 cm</subfield>
          </datafield>
          <datafield tag="336" ind1=" " ind2=" ">
            <subfield code="a">text</subfield>
            <subfield code="b">txt</subfield>
            <subfield code="2">rdacontent</subfield>
          </datafield>
          <datafield tag="337" ind1=" " ind2=" ">
            <subfield code="a">unmediated</subfield>
            <subfield code="b">n</subfield>
            <subfield code="2">rdamedia</subfield>
          </datafield>
          <datafield tag="338" ind1=" " ind2=" ">
            <subfield code="a">volume</subfield>
            <subfield code="b">nc</subfield>
            <subfield code="2">rdacarrier</subfield>
          </datafield>
          <datafield tag="362" ind1="0" ind2=" ">
            <subfield code="a">1958/1963-</subfield>
          </datafield>
          <datafield tag="520" ind1=" " ind2=" ">
            <subfield code="a">An index correlating the JPRS report numbers, with the numerical entry numbers of the Monthly catalog of United States Government publications, the numbers by which the Microprint ed. is arranged.</subfield>
          </datafield>
          <datafield tag="588" ind1=" " ind2=" ">
            <subfield code="a">Latest issue consulted: 1974/1976.</subfield>
          </datafield>
          <datafield tag="630" ind1="0" ind2="0">
            <subfield code="a">JPRS (Series)</subfield>
            <subfield code="v">Indexes.</subfield>
          </datafield>
          <datafield tag="630" ind1="0" ind2="7">
            <subfield code="a">JPRS (Series)</subfield>
            <subfield code="2">fast</subfield>
            <subfield code="0">(OCoLC)fst01356779</subfield>
          </datafield>
          <datafield tag="650" ind1=" " ind2="0">
            <subfield code="a">Social sciences</subfield>
            <subfield code="x">Periodicals</subfield>
            <subfield code="v">Indexes.</subfield>
          </datafield>
          <datafield tag="650" ind1=" " ind2="0">
            <subfield code="a">Science</subfield>
            <subfield code="v">Periodicals</subfield>
            <subfield code="v">Indexes.</subfield>
          </datafield>
          <datafield tag="650" ind1=" " ind2="0">
            <subfield code="a">Technology</subfield>
            <subfield code="v">Periodicals</subfield>
            <subfield code="v">Indexes.</subfield>
          </datafield>
          <datafield tag="650" ind1=" " ind2="7">
            <subfield code="a">Science.</subfield>
            <subfield code="2">fast</subfield>
            <subfield code="0">(OCoLC)fst01108176</subfield>
          </datafield>
          <datafield tag="650" ind1=" " ind2="7">
            <subfield code="a">Social sciences</subfield>
            <subfield code="x">Periodicals.</subfield>
            <subfield code="2">fast</subfield>
            <subfield code="0">(OCoLC)fst01122939</subfield>
          </datafield>
          <datafield tag="650" ind1=" " ind2="7">
            <subfield code="a">Technology.</subfield>
            <subfield code="2">fast</subfield>
            <subfield code="0">(OCoLC)fst01145078</subfield>
          </datafield>
          <datafield tag="655" ind1=" " ind2="7">
            <subfield code="a">Periodicals.</subfield>
            <subfield code="2">fast</subfield>
            <subfield code="0">(OCoLC)fst01411641</subfield>
          </datafield>
          <datafield tag="655" ind1=" " ind2="7">
            <subfield code="a">Indexes.</subfield>
            <subfield code="2">fast</subfield>
            <subfield code="0">(OCoLC)fst01423761</subfield>
          </datafield>
          <datafield tag="655" ind1=" " ind2="7">
            <subfield code="a">Periodicals.</subfield>
            <subfield code="2">lcgft</subfield>
            <subfield code="0">http://id.loc.gov/authorities/genreForms/gf2014026139</subfield>
            <subfield code="0">(uri) http://id.loc.gov/authorities/genreForms/gf2014026139</subfield>
          </datafield>
          <datafield tag="655" ind1=" " ind2="7">
            <subfield code="a">Indexes.</subfield>
            <subfield code="2">lcgft</subfield>
            <subfield code="0">http://id.loc.gov/authorities/genreForms/gf2014026112</subfield>
            <subfield code="0">(uri) http://id.loc.gov/authorities/genreForms/gf2014026112</subfield>
          </datafield>
          <datafield tag="700" ind1="1" ind2=" ">
            <subfield code="a">Poole, Mary Elizabeth,</subfield>
            <subfield code="d">1914-2017.</subfield>
            <subfield code="1">https://id.oclc.org/worldcat/entity/E39PCjHbVW4XW7gbVGcXtH4bYd</subfield>
          </datafield>
          <datafield tag="710" ind1="1" ind2=" ">
            <subfield code="a">United States.</subfield>
            <subfield code="b">Joint Publications Research Service.</subfield>
          </datafield>
          <datafield tag="710" ind1="2" ind2=" ">
            <subfield code="a">Readex Microprint Corporation.</subfield>
          </datafield>
          <datafield tag="710" ind1="1" ind2=" ">
            <subfield code="a">United States.</subfield>
            <subfield code="b">Superintendent of Documents.</subfield>
            <subfield code="t">Monthly catalog of United States Government publications.</subfield>
          </datafield>
          <datafield tag="776" ind1="0" ind2="8">
            <subfield code="i">Online version:</subfield>
            <subfield code="t">Index to Readex microprint edition of JPRS reports (Joint Publications Research Service)</subfield>
            <subfield code="w">(OCoLC)1019734593</subfield>
          </datafield>
          <datafield tag="906" ind1=" " ind2=" ">
            <subfield code="a">7</subfield>
            <subfield code="b">bbc</subfield>
            <subfield code="c">sercoop</subfield>
            <subfield code="d">u</subfield>
            <subfield code="e">ncip</subfield>
            <subfield code="f">20</subfield>
            <subfield code="g">n-oclcserc</subfield>
          </datafield>
          <datafield tag="925" ind1="0" ind2=" ">
            <subfield code="a">undetermined</subfield>
            <subfield code="x">policy default</subfield>
          </datafield>
          <datafield tag="955" ind1=" " ind2=" ">
            <subfield code="k">xf21 2018-07-20</subfield>
          </datafield>
        </record>
      </zs:recordData>
      <zs:recordPosition>1</zs:recordPosition>
    </zs:record>