
    <zs:record>
      <zs:recordSchema/>
      <zs:recordPacking>xml</zs:recordPacking>
      <zs:recordData>
        <record xmlns="http://www.loc.gov/MARC21/slim">
          <leader>02632cam a2200469 a 4500</leader>
          <controlfield tag="001">14183902</controlfield>
          <controlfield tag="005">20090227134504.0</controlfield>
          <controlfield tag="008">051129s2006    ncua     b   s001 0 eng  </controlfield>
          <datafield tag="906" ind1=" " ind2=" ">
            <subfield code="a">7</subfield>
            <subfield code="b">cbc</subfield>
            <subfield code="c">orignew</subfield>
            <subfield code="d">1</subfield>
            <subfield code="e">ecip</subfield>
            <subfield code="f">20</subfield>
            <subfield code="g">y-gencatlg</subfield>
          </datafield>
          <datafield tag="925" ind1="0" ind2=" ">
            <subfield code="a">acquire</subfield>
            <subfield code="b">2 shelf copies</subfield>
            <subfield code="x">policy default</subfield>
          </datafield>
          <datafield tag="955" ind1=" " ind2=" ">
            <subfield code="a">lk07 2005-11-29</subfield>
            <subfield code="c">lk07 2005-11-29; to subj. 2005-12-06</subfield>
            <subfield code="d">lk29 2005-12-08 to SL</subfield>
            <subfield code="e">lk18 2005-12-06 ; to Dewey 2005-12-06</subfield>
            <subfield code="a">aa08 2005-12-08</subfield>
            <subfield code="f">lk18 2006-09-06 Z-CipVer</subfield>
            <subfield code="g">lk18 2006-09-06 to BCCD</subfield>
            <subfield code="a">yh16 2006-10-10 copy 2 added</subfield>
          </datafield>
          <datafield tag="010" ind1=" " ind2=" ">
            <subfield code="a">  2005034985</subfield>
          </datafield>
          <datafield tag="015" ind1=" " ind2=" ">
            <subfield code="a">GBA646944</subfield>
            <subfield code="2">bnb</subfield>
          </datafield>
          <datafield tag="016" ind1="7" ind2=" ">
            <subfield code="a">013465121</subfield>
            <subfield code="2">Uk</subfield>
          </datafield>
          <datafield tag="020" ind1=" " ind2=" ">
            <subfield code="a">0807830240 (cloth : alk. paper)</subfield>
          </datafield>
          <datafield tag="020" ind1=" " ind2=" ">
            <subfield code="a">0807856886 (pbk. : alk. paper)</subfield>
          </datafield>
          <datafield tag="020" ind1=" " ind2=" ">
            <subfield code="a">9780807830246</subfield>
          </datafield>
          <datafield tag="020" ind1=" " ind2=" ">
            <subfield code="a">9780807856888</subfield>
          </datafield>
          <datafield tag="035" ind1=" " ind2=" ">
            <subfield code="a">(OCoLC)ocm62533804</subfield>
          </datafield>
          <datafield tag="040" ind1=" " ind2=" ">
            <subfield code="a">DLC</subfield>
            <subfield code="c">DLC</subfield>
            <subfield code="d">BAKER</subfield>
            <subfield code="d">C#P</subfield>
            <subfield code="d">UKM</subfield>
            <subfield code="d">IXA</subfield>
            <subfield code="d">NYP</subfield>
            <subfield code="d">DLC</subfield>
          </datafield>
          <datafield tag="043" ind1=" " ind2=" ">
            <subfield code="a">n-us---</subfield>
          </datafield>
          <datafield tag="050" ind1="0" ind2="0">
            <subfield code="a">E185.8</subfield>
            <subfield code="b">.P66 2006</subfield>
          </datafield>
          <datafield tag="082" ind1="0" ind2="0">
            <subfield code="a">368.4/00973</subfield>
            <subfield code="2">22</subfield>
          </datafield>
          <datafield tag="100" ind1="1" ind2=" ">
            <subfield code="a">Poole, Mary,</subfield>
            <subfield code="d">1960-</subfield>
          </datafield>
          <datafield tag="245" ind1="1" ind2="4">
            <subfield code="a">The segregated origins of social security :</subfield>
            <subfield code="b">African Americans and the welfare state /</subfield>
            <subfield code="c">Mary Poole.</subfield>
          </datafield>
          <datafield tag="260" ind1=" " ind2=" ">
            <subfield code="a">Chapel Hill :</subfield>
            <subfield code="b">University of North Carolina Press,</subfield>
            <subfield code="c">c2006.</subfield>
          </datafield>
          <datafield tag="300" ind1=" " ind2=" ">
            <subfield code="a">xi, 258 p. :</subfield>
            <subfield code="b">ill. ;</subfield>
            <subfield code="c">25 cm.</subfield>
          </datafield>
          <datafield tag="504" ind1=" " ind2=" ">
            <subfield code="a">Includes bibliographical references (p. [233]-249) and index.</subfield>
          </datafield>
          <datafield tag="505" ind1="0" ind2=" ">
            <subfield code="a">So now Mr. President, we are looking for something : African Americans, the Social Security Act, and the Great Depression -- The not-so-solid South : southern Democrats in Congress -- Colorblind public policy : the staff of the Committee on Economic Security -- Shaky ground : Black and interracial organizations -- Gender and the white united front : the women of the federal Children's Bureau -- Conclusion : those old discriminatory practices.</subfield>
          </datafield>
          <datafield tag="650" ind1=" " ind2="0">
            <subfield code="a">African Americans</subfield>
            <subfield code="x">Economic conditions</subfield>
            <subfield code="y">20th century.</subfield>
          </datafield>
          <datafield tag="650" ind1=" " ind2="0">
            <subfield code="a">African Americans</subfield>
            <subfield code="x">Government policy</subfield>
            <subfield code="x">History</subfield>
            <subfield code="y">20th century.</subfield>
          </datafield>
          <datafield tag="650" ind1=" " ind2="0">
            <subfield code="a">African Americans</subfield>
            <subfield code="x">Segregation</subfield>
            <subfield code="x">History</subfield>
            <subfield code="y">20th century.</subfield>
          </datafield>
          <datafield tag="650" ind1=" " ind2="0">
            <subfield code="a">Social security</subfield>
            <subfield code="z">United States</subfield>
            <subfield code="x">History</subfield>
            <subfield code="y">20th century.</subfield>
          </datafield>
          <datafield tag="650" ind1=" " ind2="0">
            <subfield code="a">Race discrimination</subfield>
            <subfield code="z">United States</subfield>
            <subfield code="x">History</subfield>
            <subfield code="y">20th century.</subfield>
          </datafield>
          <datafield tag="650" ind1=" " ind2="0">
            <subfield code="a">Welfare state</subfield>
            <subfield code="z">United States</subfield>
            <subfield code="x">History</subfield>
            <subfield code="y">20th century.</subfield>
          </datafield>
          <datafield tag="650" ind1=" " ind2="0">
            <subfield code="a">Racism in public welfare administration</subfield>
            <subfield code="z">United States</subfield>
            <subfield code="x">History</subfield>
            <subfield code="y">20th century.</subfield>
          </datafield>
          <datafield tag="651" ind1=" " ind2="0">
            <subfield code="a">United States</subfield>
            <subfield code="x">Social policy.</subfield>
          </datafield>
          <datafield tag="651" ind1=" " ind2="0">
            <subfield code="a">United States</subfield>
            <subfield code="x">Politics and government</subfield>
            <subfield code="y">1933-1945.</subfield>
          </datafield>
          <datafield tag="650" ind1=" " ind2="0">
            <subfield code="a">Depressions</subfield>
            <subfield code="y">1929</subfield>
            <subfield code="z">United States.</subfield>
          </datafield>
          <datafield tag="650" ind1=" " ind2="0">
            <subfield code="a">New Deal, 1933-1939.</subfield>
          </datafield>
          <datafield tag="856" ind1="4" ind2="1">
            <subfield code="3">Table of contents</subfield>
            <subfield code="u">http://www.loc.gov/catdir/toc/ecip064/2005034985.html</subfield>
          </datafield>
          <datafield tag="856" ind1="4" ind2="2">
            <subfield code="3">Publisher description</subfield>
            <subfield code="u">http://www.loc.gov/catdir/enhancements/fy0632/2005034985-d.html</subfield>
          </datafield>
        </record>
      </zs:recordData>
      <zs:recordPosition>10</zs:recordPosition>
    </zs:record>