
    <zs:record>
      <zs:recordSchema/>
      <zs:recordPacking>xml</zs:recordPacking>
      <zs:recordData>
        <record xmlns="http://www.loc.gov/MARC21/slim">
          <leader>00920cam a2200241   4500</leader>
          <controlfield tag="001">1724251</controlfield>
          <controlfield tag="005">19891025000000.0</controlfield>
          <controlfield tag="008">731101t19741973nyu      i    000 0 eng  </controlfield>
          <datafield tag="035" ind1=" " ind2=" ">
            <subfield code="9">(DLC)   73019609</subfield>
          </datafield>
          <datafield tag="906" ind1=" " ind2=" ">
            <subfield code="a">7</subfield>
            <subfield code="b">cbc</subfield>
            <subfield code="c">orignew</subfield>
            <subfield code="d">1</subfield>
            <subfield code="e">ocip</subfield>
            <subfield code="f">19</subfield>
            <subfield code="g">y-gencatlg</subfield>
          </datafield>
          <datafield tag="010" ind1=" " ind2=" ">
            <subfield code="a">   73019609 </subfield>
          </datafield>
          <datafield tag="020" ind1=" " ind2=" ">
            <subfield code="a">0527718564</subfield>
          </datafield>
          <datafield tag="040" ind1=" " ind2=" ">
            <subfield code="a">DLC</subfield>
            <subfield code="c">DLC</subfield>
            <subfield code="d">DLC</subfield>
          </datafield>
          <datafield tag="043" ind1=" " ind2=" ">
            <subfield code="a">n-us---</subfield>
          </datafield>
          <datafield tag="050" ind1="0" ind2="0">
            <subfield code="a">Z1223.Z7</subfield>
            <subfield code="b">P64</subfield>
          </datafield>
          <datafield tag="082" ind1="0" ind2="0">
            <subfield code="a">015/.73</subfield>
          </datafield>
          <datafield tag="100" ind1="1" ind2=" ">
            <subfield code="a">Poole, Mary Elizabeth,</subfield>
            <subfield code="d">1914-</subfield>
          </datafield>
          <datafield tag="245" ind1="1" ind2="0">
            <subfield code="a">1909 checklist, correlation index as indicated in "Departmental publications" part: serial number to classification number.</subfield>
          </datafield>
          <datafield tag="260" ind1=" " ind2=" ">
            <subfield code="a">Millwood, N.Y.,</subfield>
            <subfield code="b">Kraus-Thomson,</subfield>
            <subfield code="c">1974 [c1973]</subfield>
          </datafield>
          <datafield tag="300" ind1=" " ind2=" ">
            <subfield code="a">66 p.</subfield>
            <subfield code="c">25 cm.</subfield>
          </datafield>
          <datafield tag="650" ind1=" " ind2="0">
            <subfield code="a">Government publications</subfield>
            <subfield code="z">United States</subfield>
            <subfield code="x">Indexes.</subfield>
          </datafield>
          <datafield tag="610" ind1="1" ind2="0">
            <subfield code="a">United States.</subfield>
            <subfield code="b">Superintendent of Documents.</subfield>
            <subfield code="t">Checklist of United States public documents 1789-1909</subfield>
            <subfield code="x">Indexes.</subfield>
          </datafield>
          <datafield tag="991" ind1=" " ind2=" ">
            <subfield code="b">c-GenColl</subfield>
            <subfield code="h">Z1223.Z7</subfield>
            <subfield code="i">P64</subfield>
            <subfield code="p">00019948419</subfield>
            <subfield code="t">Copy 1</subfield>
            <subfield code="w">BOOKS</subfield>
          </datafield>
        </record>
      </zs:recordData>
      <zs:recordPosition>12</zs:recordPosition>
    </zs:record>