
    <zs:record>
      <zs:recordSchema/>
      <zs:recordPacking>xml</zs:recordPacking>
      <zs:recordData>
        <record xmlns="http://www.loc.gov/MARC21/slim">
          <leader>01549cam a22003131  4500</leader>
          <controlfield tag="001">4171272</controlfield>
          <controlfield tag="005">19860321000000.0</controlfield>
          <controlfield tag="008">710401s1964    nyu      i    000 0 eng  </controlfield>
          <datafield tag="035" ind1=" " ind2=" ">
            <subfield code="9">(DLC)   79006623</subfield>
          </datafield>
          <datafield tag="906" ind1=" " ind2=" ">
            <subfield code="a">7</subfield>
            <subfield code="b">cbc</subfield>
            <subfield code="c">orignew</subfield>
            <subfield code="d">3</subfield>
            <subfield code="e">ocip</subfield>
            <subfield code="f">19</subfield>
            <subfield code="g">y-gencatlg</subfield>
          </datafield>
          <datafield tag="010" ind1=" " ind2=" ">
            <subfield code="a">   79006623 </subfield>
          </datafield>
          <datafield tag="040" ind1=" " ind2=" ">
            <subfield code="a">DLC</subfield>
            <subfield code="c">DLC</subfield>
            <subfield code="d">DLC</subfield>
          </datafield>
          <datafield tag="050" ind1="0" ind2="0">
            <subfield code="a">AS36.U5612</subfield>
          </datafield>
          <datafield tag="082" ind1="0" ind2="0">
            <subfield code="a">050</subfield>
          </datafield>
          <datafield tag="100" ind1="1" ind2=" ">
            <subfield code="a">Poole, Mary Elizabeth,</subfield>
            <subfield code="d">1914-</subfield>
          </datafield>
          <datafield tag="245" ind1="1" ind2="0">
            <subfield code="a">Index to Readex microprint edition of JPRS reports</subfield>
            <subfield code="b">(Joint Publications Research Service)</subfield>
          </datafield>
          <datafield tag="260" ind1=" " ind2=" ">
            <subfield code="a">New York,</subfield>
            <subfield code="b">Readex Microprint Corp.</subfield>
            <subfield code="c">[1964]</subfield>
          </datafield>
          <datafield tag="300" ind1=" " ind2=" ">
            <subfield code="a">v, 137 l.</subfield>
            <subfield code="c">29 cm.</subfield>
          </datafield>
          <datafield tag="500" ind1=" " ind2=" ">
            <subfield code="a">An index correlating the JPRS report numbers, Oct. 1958-Dec. 1963, with the numerical entry numbers of the Monthly catalog of United States Government publications, the numbers by which the Microprint ed. is arranged.</subfield>
          </datafield>
          <datafield tag="505" ind1="0" ind2=" ">
            <subfield code="a">JPRS (NY) 1-2250.--JPRS/DC 1-1200.--JPRS (DC) L 1-2050.--JPRS (NY) L 1-1250.--JPRS R 103-N--118-N, 164-N, 384-N, 746-D.--JPRS 1-21650.--JPRS report numbers not in Microprint ed.</subfield>
          </datafield>
          <datafield tag="630" ind1="0" ind2="0">
            <subfield code="a">JPRS (Series)</subfield>
            <subfield code="x">Indexes.</subfield>
          </datafield>
          <datafield tag="650" ind1=" " ind2="0">
            <subfield code="a">Social sciences</subfield>
            <subfield code="x">Periodicals</subfield>
            <subfield code="x">Indexes.</subfield>
          </datafield>
          <datafield tag="650" ind1=" " ind2="0">
            <subfield code="a">Science</subfield>
            <subfield code="x">Periodicals</subfield>
            <subfield code="x">Indexes.</subfield>
          </datafield>
          <datafield tag="650" ind1=" " ind2="0">
            <subfield code="a">Technology</subfield>
            <subfield code="x">Periodicals</subfield>
            <subfield code="x">Indexes.</subfield>
          </datafield>
          <datafield tag="710" ind1="2" ind2=" ">
            <subfield code="a">Readex Microprint Corporation.</subfield>
          </datafield>
          <datafield tag="710" ind1="1" ind2=" ">
            <subfield code="a">United States.</subfield>
            <subfield code="b">Superintendent of Documents.</subfield>
            <subfield code="t">Monthly catalog of United States Government publications.</subfield>
          </datafield>
          <datafield tag="991" ind1=" " ind2=" ">
            <subfield code="b">c-GenColl</subfield>
            <subfield code="h">AS36.U5612</subfield>
            <subfield code="t">Copy 1</subfield>
            <subfield code="w">BOOKS</subfield>
          </datafield>
          <datafield tag="991" ind1=" " ind2=" ">
            <subfield code="b">r-MicRRRef</subfield>
            <subfield code="h">AS36</subfield>
            <subfield code="i">.U5612</subfield>
            <subfield code="t">Copy 1</subfield>
            <subfield code="w">GenBib bi 87-011535</subfield>
          </datafield>
          <datafield tag="991" ind1=" " ind2=" ">
            <subfield code="b">r-MicRRRef</subfield>
            <subfield code="h">AS36.U5612</subfield>
            <subfield code="t">Copy 999</subfield>
            <subfield code="w">GenBib bi 99-008136</subfield>
          </datafield>
        </record>
      </zs:recordData>
      <zs:recordPosition>18</zs:recordPosition>
    </zs:record>